% Encoding: UTF-8

@book {RotmanITG,
    AUTHOR = {Rotman, Joseph J.},
     TITLE = {An introduction to the theory of groups},
    SERIES = {Graduate Texts in Mathematics},
    VOLUME = {148},
   EDITION = {Fourth},
 PUBLISHER = {Springer-Verlag, New York},
      YEAR = {1995},
     PAGES = {xvi+513},
      ISBN = {0-387-94285-8},
   MRCLASS = {20-01},
  MRNUMBER = {1307623},
MRREVIEWER = {Ronald\ Solomon},
       DOI = {10.1007/978-1-4612-4176-8},
       URL = {https://doi.org/10.1007/978-1-4612-4176-8},
}

@article {DallaVoltaFGNMGAPQ,
    AUTHOR = {Dalla Volta, Francesca and Lucchini, Andrea},
     TITLE = {Finite groups that need more generators than any proper
              quotient},
   JOURNAL = {J. Austral. Math. Soc. Ser. A},
  FJOURNAL = {Australian Mathematical Society. Journal. Series A. Pure
              Mathematics and Statistics},
    VOLUME = {64},
      YEAR = {1998},
    NUMBER = {1},
     PAGES = {82--91},
      ISSN = {0263-6115},
   MRCLASS = {20F05 (20D99)},
  MRNUMBER = {1490148},
MRREVIEWER = {Alberto\ Delgado},
}

@book {RobinsonCTG,
    AUTHOR = {Robinson, Derek J. S.},
     TITLE = {A course in the theory of groups},
    SERIES = {Graduate Texts in Mathematics},
    VOLUME = {80},
   EDITION = {Second},
 PUBLISHER = {Springer-Verlag, New York},
      YEAR = {1996},
     PAGES = {xviii+499},
      ISBN = {0-387-94461-3},
   MRCLASS = {20-01},
  MRNUMBER = {1357169},
       DOI = {10.1007/978-1-4419-8594-1},
       URL = {https://doi.org/10.1007/978-1-4419-8594-1},
}

@book {Ballester-BolinchesCFG,
    AUTHOR = {Ballester-Bolinches, Adolfo and Ezquerro, Luis M.},
     TITLE = {Classes of finite groups},
    SERIES = {Mathematics and Its Applications (Springer)},
    VOLUME = {584},
 PUBLISHER = {Springer, Dordrecht},
      YEAR = {2006},
     PAGES = {xii+385},
      ISBN = {978-1-4020-4718-3; 1-4020-4718-5},
   MRCLASS = {20D10 (20-01 20D30 20E34 20F17)},
  MRNUMBER = {2241927},
MRREVIEWER = {H.\ Heineken},
}

@article {Gasch√ºtzZENGP,
    AUTHOR = {Gasch\"{u}tz, Wolfgang},
     TITLE = {Zu einem von {B}. {H}. und {H}. {N}eumann gestellten
              {P}roblem},
   JOURNAL = {Math. Nachr.},
  FJOURNAL = {Mathematische Nachrichten},
    VOLUME = {14},
      YEAR = {1955},
     PAGES = {249--252 (1956)},
      ISSN = {0025-584X,1522-2616},
   MRCLASS = {20.0X},
  MRNUMBER = {83993},
MRREVIEWER = {B.\ J\'{o}nsson},
       DOI = {10.1002/mana.19550140406},
       URL = {https://doi.org/10.1002/mana.19550140406},
}

@book {FriedFA,
    AUTHOR = {Fried, Michael D. and Jarden, Moshe},
     TITLE = {Field arithmetic},
    SERIES = {Ergebnisse der Mathematik und ihrer Grenzgebiete. 3. Folge. A
              Series of Modern Surveys in Mathematics [Results in
              Mathematics and Related Areas. 3rd Series. A Series of Modern
              Surveys in Mathematics]},
    VOLUME = {11},
   EDITION = {Second},
 PUBLISHER = {Springer-Verlag, Berlin},
      YEAR = {2005},
     PAGES = {xxiv+780},
      ISBN = {3-540-22811-X},
   MRCLASS = {12E30 (03B25 03C10 03C60 03H05)},
  MRNUMBER = {2102046},
MRREVIEWER = {Ido\ Efrat},
}

@article {WiegoldGSFG,
    AUTHOR = {Wiegold, James},
     TITLE = {Growth sequences of finite groups},
   JOURNAL = {J. Austral. Math. Soc.},
  FJOURNAL = {J. Austral. Math. Soc.},
    VOLUME = {17},
      YEAR = {1974},
     PAGES = {133--141},
   MRCLASS = {20D30},
  MRNUMBER = {349841},
MRREVIEWER = {F.\ Levin},
}

@article {WiegoldGSFGII,
    AUTHOR = {Wiegold, James},
     TITLE = {Growth sequences of finite groups. {II}},
   JOURNAL = {J. Austral. Math. Soc.},
  FJOURNAL = {J. Austral. Math. Soc.},
    VOLUME = {20},
      YEAR = {1975},
    NUMBER = {part},
     PAGES = {225--229},
   MRCLASS = {20D30},
  MRNUMBER = {376856},
MRREVIEWER = {F.\ Levin},
}

@article {WiegoldGSFGIII,
    AUTHOR = {Wiegold, James},
     TITLE = {Growth sequences of finite groups. {III}},
   JOURNAL = {J. Austral. Math. Soc. Ser. A},
  FJOURNAL = {Australian Mathematical Society. Journal. Series A. Pure
              Mathematics and Statistics},
    VOLUME = {25},
      YEAR = {1978},
    NUMBER = {2},
     PAGES = {142--144},
      ISSN = {0263-6115},
   MRCLASS = {20D30},
  MRNUMBER = {499355},
MRREVIEWER = {F.\ Levin},
}

@article {WiegoldGSFGIV,
    AUTHOR = {Wiegold, James},
     TITLE = {Growth sequences of finite groups. {IV}},
   JOURNAL = {J. Austral. Math. Soc. Ser. A},
  FJOURNAL = {Australian Mathematical Society. Journal. Series A. Pure
              Mathematics and Statistics},
    VOLUME = {29},
      YEAR = {1980},
    NUMBER = {1},
     PAGES = {14--16},
      ISSN = {0263-6115},
   MRCLASS = {20D60},
  MRNUMBER = {566271},
MRREVIEWER = {F.\ Levin},
}

@article{AschbacherSAFCG,
title = {Some applications of the first cohomology group},
journal = {Journal of Algebra},
volume = {90},
number = {2},
pages = {446-460},
year = {1984},
issn = {0021-8693},
doi = {https://doi.org/10.1016/0021-8693(84)90183-2},
url = {https://www.sciencedirect.com/science/article/pii/0021869384901832},
author = {M. Aschbacher and R. Guralnick}
}

@article {CassidyPCANACAE,
    AUTHOR = {Cassidy, Phyllis Joan},
     TITLE = {Products of commutators are not always commutators: an
              example},
   JOURNAL = {Amer. Math. Monthly},
  FJOURNAL = {American Mathematical Monthly},
    VOLUME = {86},
      YEAR = {1979},
    NUMBER = {9},
     PAGES = {772},
      ISSN = {0002-9890,1930-0972},
   MRCLASS = {20F12},
  MRNUMBER = {550309},
       DOI = {10.2307/2322031},
       URL = {https://doi.org/10.2307/2322031},
}
@Comment{jabref-meta: databaseType:bibtex;}
